@article{Xu:2014via,
      author         = "Xu, Xun-Jie and He, Hong-Jian and Rodejohann, Werner",
      title          = "{Constraining Astrophysical Neutrino Flavor Composition
                        from Leptonic Unitarity}",
      journal        = "JCAP",
      volume         = "1412",
      year           = "2014",
      pages          = "039",
      doi            = "10.1088/1475-7516/2014/12/039",
      eprint         = "1407.3736",
      archivePrefix  = "arXiv",
      primaryClass   = "hep-ph",
      SLACcitation   = "%%CITATION = ARXIV:1407.3736;%%"
}

@article{Kashti:2005qa,
      author         = "Kashti, Tamar and Waxman, Eli",
      title          = "{Flavoring astrophysical neutrinos: Flavor ratios depend
                        on energy}",
      journal        = "Phys. Rev. Lett.",
      volume         = "95",
      year           = "2005",
      pages          = "181101",
      doi            = "10.1103/PhysRevLett.95.181101",
      eprint         = "astro-ph/0507599",
      archivePrefix  = "arXiv",
      primaryClass   = "astro-ph",
      SLACcitation   = "%%CITATION = ASTRO-PH/0507599;%%"
}

@article{Aartsen:2015knd,
      author         = "Aartsen, M. G. and others",
      title          = "{A combined maximum-likelihood analysis of the
                        high-energy astrophysical neutrino flux measured with
                        IceCube}",
      collaboration  = "IceCube",
      journal        = "Astrophys. J.",
      volume         = "809",
      year           = "2015",
      number         = "1",
      pages          = "98",
      doi            = "10.1088/0004-637X/809/1/98",
      eprint         = "1507.03991",
      archivePrefix  = "arXiv",
      primaryClass   = "astro-ph.HE",
      SLACcitation   = "%%CITATION = ARXIV:1507.03991;%%"
}

@article{Esteban:2016qun,
      author         = "Esteban, Ivan and Gonzalez-Garcia, M. C. and Maltoni,
                        Michele and Martinez-Soler, Ivan and Schwetz, Thomas",
      title          = "{Updated fit to three neutrino mixing: exploring the
                        accelerator-reactor complementarity}",
      journal        = "JHEP",
      volume         = "01",
      year           = "2017",
      pages          = "087",
      doi            = "10.1007/JHEP01(2017)087",
      eprint         = "1611.01514",
      archivePrefix  = "arXiv",
      primaryClass   = "hep-ph",
      Url                      = {http://www.nu-fit.org},
      reportNumber   = "IFT-UAM-CSIC-16-114, YITP-SB-16-45",
      SLACcitation   = "%%CITATION = ARXIV:1611.01514;%%"
}

@article{Kostelecky:2008ts,
      author         = "Kostelecky, V. Alan and Russell, Neil",
      title          = "{Data Tables for Lorentz and CPT Violation}",
      journal        = "Rev. Mod. Phys.",
      volume         = "83",
      year           = "2011",
      pages          = "11-31",
      doi            = "10.1103/RevModPhys.83.11",
      eprint         = "0801.0287",
      archivePrefix  = "arXiv",
      primaryClass   = "hep-ph",
      reportNumber   = "IUHET-511, IUHET-584, IUHET-591, IUHET-608, IUHET-624,
                        IUHET-627",
      SLACcitation   = "%%CITATION = ARXIV:0801.0287;%%"
}

@article{Kostelecky:2011gq,
      author         = "Kostelecky, Alan and Mewes, Matthew",
      title          = "{Neutrinos with Lorentz-violating operators of arbitrary
                        dimension}",
      journal        = "Phys. Rev.",
      volume         = "D85",
      year           = "2012",
      pages          = "096005",
      doi            = "10.1103/PhysRevD.85.096005",
      eprint         = "1112.6395",
      archivePrefix  = "arXiv",
      primaryClass   = "hep-ph",
      reportNumber   = "IUHET-567",
      SLACcitation   = "%%CITATION = ARXIV:1112.6395;%%"
}

@article{Abe:2014wla,
      author         = "Abe, K. and others",
      title          = "{Test of Lorentz invariance with atmospheric neutrinos}",
      collaboration  = "Super-Kamiokande",
      journal        = "Phys. Rev.",
      volume         = "D91",
      year           = "2015",
      number         = "5",
      pages          = "052003",
      doi            = "10.1103/PhysRevD.91.052003",
      eprint         = "1410.4267",
      archivePrefix  = "arXiv",
      primaryClass   = "hep-ex",
      SLACcitation   = "%%CITATION = ARXIV:1410.4267;%%"
}

@article{Abbasi:2010kx,
      author         = "Abbasi, R. and others",
      title          = "{Search for a Lorentz-violating sidereal signal with
                        atmospheric neutrinos in IceCube}",
      collaboration  = "IceCube",
      journal        = "Phys. Rev.",
      volume         = "D82",
      year           = "2010",
      pages          = "112003",
      doi            = "10.1103/PhysRevD.82.112003",
      eprint         = "1010.4096",
      archivePrefix  = "arXiv",
      primaryClass   = "astro-ph.HE",
      SLACcitation   = "%%CITATION = ARXIV:1010.4096;%%"
}

@article{Abbasi:2009nfa,
      author         = "Abbasi, R. and others",
      title          = "{Determination of the Atmospheric Neutrino Flux and
                        Searches for New Physics with AMANDA-II}",
      collaboration  = "IceCube",
      journal        = "Phys. Rev.",
      volume         = "D79",
      year           = "2009",
      pages          = "102005",
      doi            = "10.1103/PhysRevD.79.102005",
      eprint         = "0902.0675",
      archivePrefix  = "arXiv",
      primaryClass   = "astro-ph.HE",
      SLACcitation   = "%%CITATION = ARXIV:0902.0675;%%"
}

@article{Aartsen:2017ibm,
      author         = "Aartsen, M. G. and others",
      title          = "{Neutrino Interferometry for High-Precision Tests of
                        Lorentz Symmetry with IceCube}",
      collaboration  = "IceCube",
      journal        = "Nature Phys.",
      year           = "2018",
      doi            = "10.1038/s41567-018-0172-2",
      eprint         = "1709.03434",
      archivePrefix  = "arXiv",
      primaryClass   = "hep-ex",
      SLACcitation   = "%%CITATION = ARXIV:1709.03434;%%"
}

@article{Pontecorvo:1957qd,
      author         = "Pontecorvo, B.",
      title          = "{Inverse beta processes and nonconservation of lepton
                        charge}",
      journal        = "Sov. Phys. JETP",
      volume         = "7",
      year           = "1958",
      pages          = "172-173",
      note           = "[Zh. Eksp. Teor. Fiz.34,247(1957)]",
      SLACcitation   = "%%CITATION = SPHJA,7,172;%%"
}

@article{Maki:1962mu,
      author         = "Maki, Ziro and Nakagawa, Masami and Sakata, Shoichi",
      title          = "{Remarks on the unified model of elementary particles}",
      journal        = "Prog. Theor. Phys.",
      volume         = "28",
      year           = "1962",
      pages          = "870-880",
      doi            = "10.1143/PTP.28.870",
      note           = "[,34(1962)]",
      SLACcitation   = "%%CITATION = PTPKA,28,870;%%"
}

@article{Pontecorvo:1967fh,
      author         = "Pontecorvo, B.",
      title          = "{Neutrino Experiments and the Problem of Conservation of
                        Leptonic Charge}",
      journal        = "Sov. Phys. JETP",
      volume         = "26",
      year           = "1968",
      pages          = "984-988",
      note           = "[Zh. Eksp. Teor. Fiz.53,1717(1967)]",
      SLACcitation   = "%%CITATION = SPHJA,26,984;%%"
}

@article{GonzalezGarcia:2005xw,
      author         = "Gonzalez-Garcia, M. C. and Halzen, F. and Maltoni, M.",
      title          = "{Physics reach of high-energy and high-statistics icecube
                        atmospheric neutrino data}",
      journal        = "Phys. Rev.",
      volume         = "D71",
      year           = "2005",
      pages          = "093010",
      doi            = "10.1103/PhysRevD.71.093010",
      eprint         = "hep-ph/0502223",
      archivePrefix  = "arXiv",
      primaryClass   = "hep-ph",
      reportNumber   = "YITP-SB-05-04, MADPH-05-1417",
      SLACcitation   = "%%CITATION = HEP-PH/0502223;%%"
}

@article{Aartsen:2013bka,
      author         = "Aartsen, M. G. and others",
      title          = "{First observation of PeV-energy neutrinos with IceCube}",
      collaboration  = "IceCube",
      journal        = "Phys. Rev. Lett.",
      volume         = "111",
      year           = "2013",
      pages          = "021103",
      doi            = "10.1103/PhysRevLett.111.021103",
      eprint         = "1304.5356",
      archivePrefix  = "arXiv",
      primaryClass   = "astro-ph.HE",
      SLACcitation   = "%%CITATION = ARXIV:1304.5356;%%"
}

@article{Aartsen:2013jdh,
      author         = "Aartsen, M. G. and others",
      title          = "{Evidence for High-Energy Extraterrestrial Neutrinos at
                        the IceCube Detector}",
      collaboration  = "IceCube",
      journal        = "Science",
      volume         = "342",
      year           = "2013",
      pages          = "1242856",
      doi            = "10.1126/science.1242856",
      eprint         = "1311.5238",
      archivePrefix  = "arXiv",
      primaryClass   = "astro-ph.HE",
      SLACcitation   = "%%CITATION = ARXIV:1311.5238;%%"
}

@article{Aartsen:2014gkd,
      author         = "Aartsen, M. G. and others",
      title          = "{Observation of High-Energy Astrophysical Neutrinos in
                        Three Years of IceCube Data}",
      collaboration  = "IceCube",
      journal        = "Phys. Rev. Lett.",
      volume         = "113",
      year           = "2014",
      pages          = "101101",
      doi            = "10.1103/PhysRevLett.113.101101",
      eprint         = "1405.5303",
      archivePrefix  = "arXiv",
      primaryClass   = "astro-ph.HE",
      SLACcitation   = "%%CITATION = ARXIV:1405.5303;%%"
}

@article{Aartsen:2015rwa,
      author         = "Aartsen, M. G. and others",
      title          = "{Evidence for Astrophysical Muon Neutrinos from the
                        Northern Sky with IceCube}",
      collaboration  = "IceCube",
      journal        = "Phys. Rev. Lett.",
      volume         = "115",
      year           = "2015",
      number         = "8",
      pages          = "081102",
      doi            = "10.1103/PhysRevLett.115.081102",
      eprint         = "1507.04005",
      archivePrefix  = "arXiv",
      primaryClass   = "astro-ph.HE",
      SLACcitation   = "%%CITATION = ARXIV:1507.04005;%%"
}

@article{Bustamante:2018mzu,
      author         = "Bustamante, Mauricio and Agarwalla, Sanjib Kumar",
      title          = "{A Universe's Worth of Electrons to Probe Long-Range
                        Interactions of High-Energy Astrophysical Neutrinos}",
      year           = "2018",
      eprint         = "1808.02042",
      archivePrefix  = "arXiv",
      primaryClass   = "astro-ph.HE",
      reportNumber   = "IP/BBSR/2018-13",
      SLACcitation   = "%%CITATION = ARXIV:1808.02042;%%"
}

@article{Aartsen:2016xlq,
      author         = "Aartsen, M. G. and others",
      title          = "{Observation and Characterization of a Cosmic Muon
                        Neutrino Flux from the Northern Hemisphere using six years
                        of IceCube data}",
      collaboration  = "IceCube",
      journal        = "Astrophys. J.",
      volume         = "833",
      year           = "2016",
      number         = "1",
      pages          = "3",
      doi            = "10.3847/0004-637X/833/1/3",
      eprint         = "1607.08006",
      archivePrefix  = "arXiv",
      primaryClass   = "astro-ph.HE",
      SLACcitation   = "%%CITATION = ARXIV:1607.08006;%%"
}

@article{IceCube:2018dnn,
      author         = "Aartsen, M. G. and others",
      title          = "{Multimessenger observations of a flaring blazar
                        coincident with high-energy neutrino IceCube-170922A}",
      collaboration  = "Liverpool Telescope, MAGIC, H.E.S.S., AGILE, Kiso,
                        VLA/17B-403, INTEGRAL, Kapteyn, Subaru, HAWC, Fermi-LAT,
                        ASAS-SN, VERITAS, Kanata, IceCube, Swift NuSTAR",
      journal        = "Science",
      volume         = "361",
      year           = "2018",
      number         = "6398",
      pages          = "eaat1378",
      doi            = "10.1126/science.aat1378",
      eprint         = "1807.08816",
      archivePrefix  = "arXiv",
      primaryClass   = "astro-ph.HE",
      SLACcitation   = "%%CITATION = ARXIV:1807.08816;%%"
}

@article{Aartsen:2014njl,
      author         = "Aartsen, M. G. and others",
      title          = "{IceCube-Gen2: A Vision for the Future of Neutrino
                        Astronomy in Antarctica}",
      collaboration  = "IceCube",
      year           = "2014",
      eprint         = "1412.5106",
      archivePrefix  = "arXiv",
      primaryClass   = "astro-ph.HE",
      SLACcitation   = "%%CITATION = ARXIV:1412.5106;%%"
}


@article{Abbasi:2012cu,
      author         = "Abbasi, R. and others",
      title          = "{A Search for UHE Tau Neutrinos with IceCube}",
      collaboration  = "IceCube",
      journal        = "Phys. Rev.",
      volume         = "D86",
      year           = "2012",
      pages          = "022005",
      doi            = "10.1103/PhysRevD.86.022005",
      eprint         = "1202.4564",
      archivePrefix  = "arXiv",
      primaryClass   = "astro-ph.HE",
      SLACcitation   = "%%CITATION = ARXIV:1202.4564;%%"
}

@article{Aartsen:2015dlt,
      author         = "Aartsen, M. G. and others",
      title          = "{Search for Astrophysical Tau Neutrinos in Three Years of
                        IceCube Data}",
      collaboration  = "IceCube",
      journal        = "Phys. Rev.",
      volume         = "D93",
      year           = "2016",
      number         = "2",
      pages          = "022001",
      doi            = "10.1103/PhysRevD.93.022001",
      eprint         = "1509.06212",
      archivePrefix  = "arXiv",
      primaryClass   = "astro-ph.HE",
      SLACcitation   = "%%CITATION = ARXIV:1509.06212;%%"
}

@article{Aartsen:2016lir,
      author         = "Aartsen, M. G. and others",
      title          = "{The contribution of Fermi-2LAC blazars to the diffuse
                        TeV-PeV neutrino flux}",
      collaboration  = "IceCube",
      journal        = "Astrophys. J.",
      volume         = "835",
      year           = "2017",
      number         = "1",
      pages          = "45",
      doi            = "10.3847/1538-4357/835/1/45",
      eprint         = "1611.03874",
      archivePrefix  = "arXiv",
      primaryClass   = "astro-ph.HE",
      SLACcitation   = "%%CITATION = ARXIV:1611.03874;%%"
}

@article{IceCube:2018cha,
      author         = "Aartsen, M. G. and others",
      title          = "{Neutrino emission from the direction of the blazar TXS
                        0506+056 prior to the IceCube-170922A alert}",
      collaboration  = "IceCube",
      journal        = "Science",
      volume         = "361",
      year           = "2018",
      number         = "6398",
      pages          = "147-151",
      doi            = "10.1126/science.aat2890",
      eprint         = "1807.08794",
      archivePrefix  = "arXiv",
      primaryClass   = "astro-ph.HE",
      SLACcitation   = "%%CITATION = ARXIV:1807.08794;%%"
}

@article{Ahlers:2018fkn,
      author         = "Ahlers, Markus and Halzen, Francis",
      title          = "{Opening a New Window onto the Universe with IceCube}",
      journal        = "Prog. Part. Nucl. Phys.",
      volume         = "102",
      year           = "2018",
      pages          = "73-88",
      doi            = "10.1016/j.ppnp.2018.05.001",
      eprint         = "1805.11112",
      archivePrefix  = "arXiv",
      primaryClass   = "astro-ph.HE",
      SLACcitation   = "%%CITATION = ARXIV:1805.11112;%%"
}

@article{Bustamante:2016ciw,
      author         = "Bustamante, Mauricio and Beacom, John F. and Murase,
                        Kohta",
      title          = "{Testing decay of astrophysical neutrinos with incomplete
                        information}",
      journal        = "Phys. Rev.",
      volume         = "D95",
      year           = "2017",
      number         = "6",
      pages          = "063013",
      doi            = "10.1103/PhysRevD.95.063013",
      eprint         = "1610.02096",
      archivePrefix  = "arXiv",
      primaryClass   = "astro-ph.HE",
      SLACcitation   = "%%CITATION = ARXIV:1610.02096;%%"
}

@article{Brdar:2016thq,
      author         = "Brdar, Vedran and Kopp, Joachim and Wang, Xiao-Ping",
      title          = "{Sterile Neutrinos and Flavor Ratios in IceCube}",
      journal        = "JCAP",
      volume         = "1701",
      year           = "2017",
      number         = "01",
      pages          = "026",
      doi            = "10.1088/1475-7516/2017/01/026",
      eprint         = "1611.04598",
      archivePrefix  = "arXiv",
      primaryClass   = "hep-ph",
      reportNumber   = "MITP-16-116",
      SLACcitation   = "%%CITATION = ARXIV:1611.04598;%%"
}

@article{Bustamante:2015waa,
      author         = "Bustamante, Mauricio and Beacom, John F. and Winter,
                        Walter",
      title          = "{Theoretically palatable flavor combinations of
                        astrophysical neutrinos}",
      journal        = "Phys. Rev. Lett.",
      volume         = "115",
      year           = "2015",
      number         = "16",
      pages          = "161302",
      doi            = "10.1103/PhysRevLett.115.161302",
      eprint         = "1506.02645",
      archivePrefix  = "arXiv",
      primaryClass   = "astro-ph.HE",
      reportNumber   = "DESY-15-099",
      SLACcitation   = "%%CITATION = ARXIV:1506.02645;%%"
}

@article{Rasmussen:2017ert,
      author         = "Rasmussen, Rasmus W. and Lechner, Lukas and Ackermann,
                        Markus and Kowalski, Marek and Winter, Walter",
      title          = "{Astrophysical neutrinos flavored with Beyond the
                        Standard Model physics}",
      journal        = "Phys. Rev.",
      volume         = "D96",
      year           = "2017",
      number         = "8",
      pages          = "083018",
      doi            = "10.1103/PhysRevD.96.083018",
      eprint         = "1707.07684",
      archivePrefix  = "arXiv",
      primaryClass   = "hep-ph",
      reportNumber   = "DESY-17-107",
      SLACcitation   = "%%CITATION = ARXIV:1707.07684;%%"
}

@article{Arguelles:2015dca,
      author         = "Arg{\"u}elles, Carlos A. and Katori, Teppei and Salvado,
                        Jordi",
      title          = "{New Physics in Astrophysical Neutrino Flavor}",
      journal        = "Phys. Rev. Lett.",
      volume         = "115",
      year           = "2015",
      pages          = "161303",
      doi            = "10.1103/PhysRevLett.115.161303",
      eprint         = "1506.02043",
      archivePrefix  = "arXiv",
      primaryClass   = "hep-ph",
      SLACcitation   = "%%CITATION = ARXIV:1506.02043;%%"
}

@Article{Barenboim:2003jm,
     author    = "Barenboim, Gabriela and Quigg, Chris",
     title     = "Neutrino observatories can characterize cosmic sources and
                  neutrino  properties",
     journal   = "Phys.~Rev.~D",
     volume    = "67",
     year      = "2003",
     pages     = "073024",
     eprint    = "hep-ph/0301220",
     archivePrefix  = "arXiv",
     doi       = "10.1103/PhysRevD.67.073024",
     SLACcitation  = "%%CITATION = HEP-PH 0301220;%%"
}

@Article{Xing:2006uk,
     author    = "Xing, Zhi-zhong and Zhou, Shun",
     title     = "Towards determination of the initial flavor composition of
                  ultrahigh-energy neutrino fluxes with neutrino telescopes",
     journal   = "Phys.~Rev.~D",
     volume    = "74",
     year      = "2006",
     pages     = "013010",
     eprint    = "astro-ph/0603781",
     archivePrefix = "arXiv",
     doi = "10.1103/PhysRevD.74.013010",
     SLACcitation  = "%%CITATION = ASTRO-PH/0603781;%%"
}

@Article{Lipari:2007su,
     author    = "Lipari, Paolo and Lusignoli, Maurizio and Meloni, Davide",
     title     = "{Flavor Composition and Energy Spectrum of Astrophysical
                  Neutrinos}",
     journal   = "Phys.~Rev.~D",
     volume    = "75",
     year      = "2007",
     pages     = "123005",
     eprint    = "0704.0718",
     archivePrefix = "arXiv",
     primaryClass  =  "astro-ph",
     doi       = "10.1103/PhysRevD.75.123005",
     SLACcitation  = "%%CITATION = 0704.0718;%%"
}

@article{Pakvasa:2007dc,
      author         = "Pakvasa, Sandip and Rodejohann, Werner and Weiler, Thomas
                        J.",
      title          = "{Flavor Ratios of Astrophysical Neutrinos: Implications
                        for Precision Measurements}",
      journal        = "JHEP",
      volume         = "0802",
      pages          = "005",
      doi            = "10.1088/1126-6708/2008/02/005",
      year           = "2008",
      eprint         = "0711.4517",
      archivePrefix  = "arXiv",
      primaryClass   = "hep-ph",
      SLACcitation   = "%%CITATION = ARXIV:0711.4517;%%",
}

@Article{Esmaili:2009dz,
     author    = "Esmaili, Arman and Farzan, Yasaman",
     title     = "{An Analysis of Cosmic Neutrinos: Flavor Composition at
                  Source and Neutrino Mixing Parameters}",
     journal   = "Nucl.~Phys.~B",
     volume    = "821",
     year      = "2009",
     pages     = "197-214",
     eprint    = "0905.0259",
     archivePrefix = "arXiv",
     primaryClass  =  "hep-ph",
     doi       = "10.1016/j.nuclphysb.2009.06.017",
     SLACcitation  = "%%CITATION = 0905.0259;%%"
}

@article{Lai:2009ke,
      author         = "Lai, Kwang-Chang and Lin, Guey-Lin and Liu, T. C.",
      title          = "{Determination of the Neutrino Flavor Ratio at the
                        Astrophysical Source}",
      journal        = "Phys.~Rev.~D",
      volume         = "80",
      year           = "2009",
      pages          = "103005",
      doi            = "10.1103/PhysRevD.80.103005",
      eprint         = "0905.4003",
      archivePrefix  = "arXiv",
      primaryClass   = "hep-ph",
      SLACcitation   = "%%CITATION = ARXIV:0905.4003;%%"
}

@article{Bustamante:2010nq,
      author         = "Bustamante, M. and Gago, A.M. and Pena-Garay, C.",
      title          = "{Energy-independent new physics in the flavour ratios of
                        high-energy astrophysical neutrinos}",
      journal        = "JHEP",
      volume         = "1004",
      pages          = "066",
      doi            = "10.1007/JHEP04(2010)066",
      year           = "2010",
      eprint         = "1001.4878",
      archivePrefix  = "arXiv",
      primaryClass   = "hep-ph",
}

@article{Mena:2014sja,
      author         = "Mena, Olga and Palomares-Ruiz, Sergio and Vincent, Aaron
                        C.",
      title          = "{On the flavor composition of the high-energy neutrino
                        events in IceCube}",
      journal        = "Phys.~Rev.~Lett.",
      volume         = "113",
      pages          = "091103",
      doi            = "10.1103/PhysRevLett.113.091103",
      year           = "2014",
      eprint         = "1404.0017",
      archivePrefix  = "arXiv",
      primaryClass   = "astro-ph.HE",
      reportNumber   = "IFIC-14-22",
      SLACcitation   = "%%CITATION = ARXIV:1404.0017;%%",
}

@article{Fu:2014isa,
      author         = "Fu, Lingjun and Ho, Chiu Man and Weiler, Thomas J.",
      title          = "{Aspects of the Flavor Triangle for Cosmic Neutrino
                        Propagation}",
      journal        = "Phys.~Rev.~D",
      volume         = "91",
      year           = "2015",
      pages          = "053001",
      doi            = "10.1103/PhysRevD.91.053001",
      eprint         = "1411.1174",
      archivePrefix  = "arXiv",
      primaryClass   = "hep-ph",
      SLACcitation   = "%%CITATION = ARXIV:1411.1174;%%"
}

@article{Palomares-Ruiz:2015mka,
      author         = "Palomares-Ruiz, Sergio and Vincent, Aaron C. and Mena,
                        Olga",
      title          = "{Spectral analysis of the high-energy IceCube neutrinos}",
      journal        = "Phys.\ Rev.\ D",
      volume         = "91",
      year           = "2015",
      number         = "10",
      pages          = "103008",
      doi            = "10.1103/PhysRevD.91.103008",
      eprint         = "1502.02649",
      archivePrefix  = "arXiv",
      primaryClass   = "astro-ph.HE",
      reportNumber   = "IFIC-15-06, IPPP-15-04, DCPT-15-08",
      SLACcitation   = "%%CITATION = ARXIV:1502.02649;%%"
}

@article{Aartsen:2015ivb,
      author         = "Aartsen, M.~G. and others",
      title          = "{Flavor Ratio of Astrophysical Neutrinos above 35 TeV in
                        IceCube}",
      collaboration  = "IceCube",
      journal        = "Phys.\ Rev.\ Lett.",
      number         = "17",
      volume         = "114",
      pages          = "171102",
      doi            = "10.1103/PhysRevLett.114.171102",
      year           = "2015",
      eprint         = "1502.03376",
      archivePrefix  = "arXiv",
      primaryClass   = "astro-ph.HE",
      SLACcitation   = "%%CITATION = ARXIV:1502.03376;%%",
}

@article{Palladino:2015vna,
      author         = "Palladino, Andrea and Vissani, Francesco",
      title          = "{The natural parameterization of cosmic neutrino
                        oscillations}",
      journal        = "Eur.~Phys.~J.~C",
      volume         = "75",
      year           = "2015",
      pages          = "433",
      doi            = "10.1140/epjc/s10052-015-3664-6",
      eprint         = "1504.05238",
      archivePrefix  = "arXiv",
      primaryClass   = "hep-ph",
      SLACcitation   = "%%CITATION = ARXIV:1504.05238;%%"
}

@article{Shoemaker:2015qul,
      author         = "Shoemaker, Ian M. and Murase, Kohta",
      title          = "{Probing BSM Neutrino Physics with Flavor and Spectral
                        Distortions: Prospects for Future High-Energy Neutrino
                        Telescopes}",
      journal        = "Phys.\ Rev.\ D",
      volume         = "93",
      year           = "2016",
      number         = "8",
      pages          = "085004",
      doi            = "10.1103/PhysRevD.93.085004",
      eprint         = "1512.07228",
      archivePrefix  = "arXiv",
      primaryClass   = "astro-ph.HE",
      SLACcitation   = "%%CITATION = ARXIV:1512.07228;%%"
}

@article{Nunokawa:2016pop,
      author         = "Nunokawa, Hiroshi and Panes, Boris and Zukanovich
                        Funchal, Renata",
      title          = "{How Unequal Fluxes of High Energy Astrophysical
                        Neutrinos and Antineutrinos can Fake New Physics}",
      journal        = "JCAP",
      volume         = "1610",
      year           = "2016",
      number         = "10",
      pages          = "036",
      doi            = "10.1088/1475-7516/2016/10/036",
      eprint         = "1604.08595",
      archivePrefix  = "arXiv",
      primaryClass   = "hep-ph",
      SLACcitation   = "%%CITATION = ARXIV:1604.08595;%%"
}

@article{Vincent:2016nut,
      author         = "Vincent, Aaron C. and Palomares-Ruiz, Sergio and Mena,
                        Olga",
      title          = "{Analysis of the 4-year IceCube high-energy starting
                        events}",
      journal        = "Phys.\ Rev.\ D",
      volume         = "94",
      year           = "2016",
      number         = "2",
      pages          = "023009",
      doi            = "10.1103/PhysRevD.94.023009",
      eprint         = "1605.01556",
      archivePrefix  = "arXiv",
      primaryClass   = "astro-ph.HE",
      reportNumber   = "IFIC-16-23, IPPP-16-37",
      SLACcitation   = "%%CITATION = ARXIV:1605.01556;%%"
}

@article{Gonzalez-Garcia:2016gpq,
      author         = "Gonzalez-Garcia, M. C. and Maltoni, Michele and
                        Martinez-Soler, Ivan and Song, Ningqiang",
      title          = "{Non-standard neutrino interactions in the Earth and the
                        flavor of astrophysical neutrinos}",
      journal        = "Astropart.\ Phys.",
      volume         = "84",
      year           = "2016",
      pages          = "15-22",
      doi            = "10.1016/j.astropartphys.2016.07.001",
      eprint         = "1605.08055",
      archivePrefix  = "arXiv",
      primaryClass   = "hep-ph",
      reportNumber   = "IFT-UAM-CSIC-16-048, YITP-SB-16-23",
      SLACcitation   = "%%CITATION = ARXIV:1605.08055;%%"
}

@article{Reynoso:2016hjr,
      author         = "Reynoso, Matías M. and Sampayo, Oscar A.",
      title          = "{Propagation of high-energy neutrinos in a background of
                        ultralight scalar dark matter}",
      journal        = "Astropart.\ Phys.",
      volume         = "82",
      year           = "2016",
      pages          = "10-20",
      doi            = "10.1016/j.astropartphys.2016.05.004",
      eprint         = "1605.09671",
      archivePrefix  = "arXiv",
      primaryClass   = "hep-ph",
      SLACcitation   = "%%CITATION = ARXIV:1605.09671;%%"
}

@article{Lai:2017bbl,
      author         = "Lai, Kwang-Chang and Lai, Wei-Hao and Lin, Guey-Lin",
      title          = "{Constraining the mass scale of a Lorentz-violating
                        Hamiltonian with the measurement of astrophysical
                        neutrino-flavor composition}",
      journal        = "Phys.\ Rev.\ D",
      volume         = "96",
      year           = "2017",
      number         = "11",
      pages          = "115026",
      doi            = "10.1103/PhysRevD.96.115026",
      eprint         = "1704.04027",
      archivePrefix  = "arXiv",
      primaryClass   = "hep-ph",
      SLACcitation   = "%%CITATION = ARXIV:1704.04027;%%"
}

@article{Klop:2017dim,
      author         = "Klop, Niki and Ando, Shin'ichiro",
      title          = "{Effects of a neutrino-dark energy coupling on
                        oscillations of high-energy neutrinos}",
      journal        = "Phys.\ Rev.\ D",
      volume         = "97",
      year           = "2018",
      number         = "6",
      pages          = "063006",
      doi            = "10.1103/PhysRevD.97.063006",
      eprint         = "1712.05413",
      archivePrefix  = "arXiv",
      primaryClass   = "hep-ph",
      SLACcitation   = "%%CITATION = ARXIV:1712.05413;%%"
}

@article{Choubey:2009jq,
      author         = "Choubey, Sandhya and Rodejohann, Werner",
      title          = "{Flavor Composition of UHE Neutrinos at Source and at
                        Neutrino Telescopes}",
      journal        = "Phys.~Rev.~D",
      volume         = "80",
      pages          = "113006",
      doi            = "10.1103/PhysRevD.80.113006",
      year           = "2009",
      eprint         = "0909.1219",
      archivePrefix  = "arXiv",
      primaryClass   = "hep-ph",
}

@article{Ng:2014pca,
      author         = "Ng, Kenny C. Y. and Beacom, John F.",
      title          = "{Cosmic neutrino cascades from secret neutrino
                        interactions}",
      journal        = "Phys.\ Rev.\ D",
      volume         = "90",
      year           = "2014",
      number         = "6",
      pages          = "065035",
      doi            = "10.1103/PhysRevD.90.065035, 10.1103/PhysRevD.90.089904",
      note           = "[Erratum: Phys. Rev.D90,no.8,089904(2014)]",
      eprint         = "1404.2288",
      archivePrefix  = "arXiv",
      primaryClass   = "astro-ph.HE",
      SLACcitation   = "%%CITATION = ARXIV:1404.2288;%%"
}

@article{Hogg:1999ad,
      author         = "Hogg, David W.",
      title          = "{Distance measures in cosmology}",
      year           = "1999",
      eprint         = "astro-ph/9905116",
      archivePrefix  = "arXiv",
      primaryClass   = "astro-ph",
      SLACcitation   = "%%CITATION = ASTRO-PH/9905116;%%"
}

@article{Tanabashi:2018oca,
      author         = "Tanabashi, M. and others",
      title          = "{Review of Particle Physics}",
      collaboration  = "Particle Data Group",
      journal        = "Phys.\ Rev.\ D",
      volume         = "98",
      year           = "2018",
      number         = "3",
      pages          = "030001",
      doi            = "10.1103/PhysRevD.98.030001",
      SLACcitation   = "%%CITATION = PHRVA,D98,030001;%%"
}

@article{Ibe:2014pja,
      author         = "Ibe, Masahiro and Kaneta, Kunio",
      title          = "{Cosmic neutrino background absorption line in the
                        neutrino spectrum at IceCube}",
      journal        = "Phys.\ Rev.\ D",
      volume         = "90",
      year           = "2014",
      number         = "5",
      pages          = "053011",
      doi            = "10.1103/PhysRevD.90.053011",
      eprint         = "1407.2848",
      archivePrefix  = "arXiv",
      primaryClass   = "hep-ph",
      reportNumber   = "IPMU-14-0160, ICRR-REPROT-687-2014-13",
      SLACcitation   = "%%CITATION = ARXIV:1407.2848;%%"
}


@article{Ioka:2014kca,
      author         = "Ioka, Kunihto and Murase, Kohta",
      title          = "{IceCube PeV–EeV neutrinos and secret interactions of
                        neutrinos}",
      journal        = "PTEP",
      volume         = "2014",
      year           = "2014",
      number         = "6",
      pages          = "061E01",
      doi            = "10.1093/ptep/ptu090",
      eprint         = "1404.2279",
      archivePrefix  = "arXiv",
      primaryClass   = "astro-ph.HE",
      reportNumber   = "KEK-TH-1723, KEK-COSMO-141",
      SLACcitation   = "%%CITATION = ARXIV:1404.2279;%%"
}

@article{DiFranzo:2015qea,
      author         = "DiFranzo, Anthony and Hooper, Dan",
      title          = "{Searching for MeV-Scale Gauge Bosons with IceCube}",
      journal        = "Phys.\ Rev.\ D",
      volume         = "92",
      year           = "2015",
      number         = "9",
      pages          = "095007",
      doi            = "10.1103/PhysRevD.92.095007",
      eprint         = "1507.03015",
      archivePrefix  = "arXiv",
      primaryClass   = "hep-ph",
      reportNumber   = "FERMILAB-PUB-15-292-A, UCI-HEP-TR-2015-11",
      SLACcitation   = "%%CITATION = ARXIV:1507.03015;%%"
}

@article{Farzan:2014gza,
      author         = "Farzan, Yasaman and Palomares-Ruiz, Sergio",
      title          = "{Dips in the Diffuse Supernova Neutrino Background}",
      journal        = "JCAP",
      volume         = "1406",
      year           = "2014",
      pages          = "014",
      doi            = "10.1088/1475-7516/2014/06/014",
      eprint         = "1401.7019",
      archivePrefix  = "arXiv",
      primaryClass   = "hep-ph",
      reportNumber   = "IFIC-14-02",
      SLACcitation   = "%%CITATION = ARXIV:1401.7019;%%"
}

@article{Ahlers:2011jj,
      author         = "Ahlers, M. and Gonzalez-Garcia, M. C. and Halzen, F.",
      title          = "{GRBs on probation: testing the UHE CR paradigm with
                        IceCube}",
      journal        = "Astropart.\ Phys.",
      volume         = "35",
      year           = "2011",
      pages          = "87-94",
      doi            = "10.1016/j.astropartphys.2011.05.008",
      eprint         = "1103.3421",
      archivePrefix  = "arXiv",
      primaryClass   = "astro-ph.HE",
      reportNumber   = "YITP-SB-11-08",
      SLACcitation   = "%%CITATION = ARXIV:1103.3421;%%"
}

@article{Ahlers:2009rf,
      author         = "Ahlers, Markus and Anchordoqui, Luis A. and Sarkar,
                        Subir",
      title          = "{Neutrino diagnostics of ultra-high energy cosmic ray
                        protons}",
      journal        = "Phys.\ Rev.\ D",
      volume         = "79",
      year           = "2009",
      pages          = "083009",
      doi            = "10.1103/PhysRevD.79.083009",
      eprint         = "0902.3993",
      archivePrefix  = "arXiv",
      primaryClass   = "astro-ph.HE",
      reportNumber   = "OUTP-0904P, OUTP-09-04P",
      SLACcitation   = "%%CITATION = ARXIV:0902.3993;%%"
}